@article{AlfredImperative,
  author    = {K. S. Alfred M. Duda},
  title     = {A new imperative for improving management of large marine ecosystems},
  journal   = {Ocean and Coastal Management},
  volume    = {},
  year      = {2002},
  url       = {},
  archivePrefix = {},
  pages = {797--833},
  eprint    = {},
  timestamp = {},
  biburl    = {},
  bibsource = {}
}

@article{MappingFishing,
  author    = {Fabrizio Natale, Maurizio Gibin, Alfredo Alessandrini },
  title     = {Mapping Fishing Effort through AIS Data},
  journal   = {PLOS ONE},
  volume    = {},
  year      = {2015},
  url       = {},
  archivePrefix = {},
  pages = {},
  eprint    = {},
  timestamp = {},
  biburl    = {},
  bibsource = {}
}


@article{AgardyEffects,
  author    = {T. Agardy},
  title     = {Effects of fisheries on marine ecosystems: a conservationist’s perspective},
  journal   = {ICES Journal of Marine Science},
  volume    = {},
  year      = {2000},
  url       = {},
  archivePrefix = {},
  pages = {761--765},
  eprint    = {},
  timestamp = {},
  biburl    = {},
  bibsource = {}
}

@MISC{WEBSITE:ConsumoPescasPortugal,
	HOWPUBLISHED = "\url{https://sites.google.com/site/docapescacreative/consumo-de-peixe-em-portugal}",
	AUTHOR = "J. e. C. S. Pires",
	TITLE = "Consumo de Peixe em Portugal",
	YEAR = "2013",
	NOTE = "Accessed on 2018-04-06"
}

@INBOOK{BOOK:EsbocoFraude,
    AUTHOR="C. Pimenta",
    TITLE="Esboço de Quantificação da Fraude em Portugal",
    PUBLISHER="Edições Húmus",
    YEAR="2009",
    pages ="1-44"
}


@article{ShuklaBigData,
  author    = {N. S. A. J. T. P. S. S.-P. Yashashwita Shukla},
  title     = {Big Data Analytics Based Approach to Tax Evasion},
  journal   = {International Journal of Engineering Research in Computer Science and Engineering},
  volume    = {},
  year      = {2019},
  url       = {},
  archivePrefix = {},
  pages = {56--59},
  eprint    = {},
  timestamp = {},
  biburl    = {},
  bibsource = {}
}

@MISC{WEBSITE:EuropeanCommissionVMS,
	HOWPUBLISHED = "\url{https://ec.europa.eu/fisheries/cfp/control/technologies/vms_en}",
	AUTHOR = "ec.europa.eu",
	TITLE = "European Commission",
	YEAR = "2018",
	NOTE = "Accessed on 2019-01-21"
}

@INPROCEEDINGS{MarzukiIllegalFishing, 
author={M. I. {Marzuki} and R. {Garello} and R. {Fablet} and V. {Kerbaol} and P. {Gaspar}}, 
booktitle={OCEANS 2015 - Genova}, 
title={Fishing gear recognition from VMS data to identify illegal fishing activities in Indonesia}, 
year={2015}, 
volume={}, 
number={}, 
pages={1-5}, 
doi={10.1109/OCEANS-Genova.2015.7271551}, 
ISSN={}, 
month={May}}


@INPROCEEDINGS{BastardieFishingEfficiency, 
author={J. R. N. B. S. A. O. R. E. Francois Bastardie}, 
booktitle={Fisheries Research}, 
title={Effects of fishing effort allocation scenarios on energy efficiency and profitability: An individual-based model applied to Danish fisheries}, 
year={2010}, 
volume={106}, 
pages={501-516}, 
biburl = {https://doi.org/10.1016/j.fishres.2010.09.025},
ISSN={}, 
month={September}}

@article{QuirijnsImportanceImpact,
author = {Piet, G. J. and Quirijns, F. J.},
title = {The importance of scale for fishing impact estimations},
journal = {Canadian Journal of Fisheries and Aquatic Sciences},
volume = {66},
number = {5},
pages = {829-835},
year = {2009},
doi = {10.1139/F09-042},
URL = { https://doi.org/10.1139/F09-042},
eprint = {      https://doi.org/10.1139/F09-042}
}

@INPROCEEDINGS{DeporteVMStools,
author = {N. T. Hintzen, F. Bastardie, C. Ulrich and N. Deporte},
booktitle={Fisheries Research}, 
title={VMStools: Open-source software for the processing, analysis and visualization of fisheries logbook and VMS data}, 
year={2012},  
pages={31-43}, 
biburl = {https://doi.org/10.1016/j.fishres.2011.11.007},
ISSN={}, 
month={September}
}

@article{RussoVMSbase,
    author = {Russo, Tommaso AND D'Andrea, Lorenzo AND Parisi, Antonio AND Cataudella, Stefano},
    journal = {PLOS ONE},
    publisher = {Public Library of Science},
    title = {VMSbase: An R-Package for VMS and Logbook Data Management and Analysis in Fisheries Ecology},
    year = {2014},
    month = {06},
    volume = {9},
    url = {https://doi.org/10.1371/journal.pone.0100195},
    pages = {1-18},
    number = {6},
    doi = {10.1371/journal.pone.0100195}
}

@MISC{WEBSITE:MonicapXsealence,
	HOWPUBLISHED = "\url{http://www.xsealence.pt/portfolio/monicap/}",
	AUTHOR = {Xsealence},
	YEAR = "2018",
	TITLE = "Xsealence",
	NOTE = "Accessed on 2019-07-31"
}

@MISC{WEBSITE:PowerBi,
	HOWPUBLISHED = "\url{https://powerbi.microsoft.com/pt-pt/}",
	AUTHOR = {Windows},
	YEAR = "2019",
	TITLE = "Power BI",
	NOTE = "Accessed on 2019-10-06"
}


@MISC{WEBSITE:Xsealence,
	HOWPUBLISHED = "\url{http://www.xsealence.pt}",
	AUTHOR = {Xsealence},
	YEAR = "2018",
	TITLE = "Xsealence",
	NOTE = "Accessed on 2019-09-11"
}

@MISC{WEBSITE:inmarsatC,
	HOWPUBLISHED = "\url{https://www.inmarsat.com/services/safety/inmarsat-c/}",
	AUTHOR = {Inmarsat},
	YEAR = "2019",
	TITLE = "Inmarsat C",
	NOTE = "Accessed on 2019-09-11"
}


@inproceedings{Kvasnicka1995HillCW,
  title={Hill Climbing with Learning (An Abstraction of Genetic Algorithm)},
  author={Vladimir Kvasnicka and Martin Pelikan and Jir{\'i} Posp{\'i}chal},
  booktitle = {Hill Climbing with Learning},
  year={1995}
}

@article{Chebyshevinequality,
 ISSN = {00031305},
 URL = {http://www.jstor.org/stable/2683249},
 author = {John G. Saw and Mark C. K. Yang and Tse Chin Mo},
 journal = {The American Statistician},
 number = {2},
 pages = {130--132},
 publisher = {[American Statistical Association, Taylor and Francis, Ltd.]},
 title = {Chebyshev Inequality with Estimated Mean and Variance},
 volume = {38},
 year = {1984}
}

@InProceedings{KernelDensityEstimation,
author="Liu, Bin
and Yang, Ying
and Webb, Geoffrey I.
and Boughton, Janice",
editor="Theeramunkong, Thanaruk
and Kijsirikul, Boonserm
and Cercone, Nick
and Ho, Tu-Bao",
title="A Comparative Study of Bandwidth Choice in Kernel Density Estimation for Naive Bayesian Classification",
booktitle="Advances in Knowledge Discovery and Data Mining",
year="2009",
publisher="Springer Berlin Heidelberg",
address="Berlin, Heidelberg",
pages="302--313",
isbn="978-3-642-01307-2"
}

@article{HitchcockKmeans,
title = "James–Stein shrinkage to improve k-means cluster analysis",
journal = "Computational Statistics \& Data Analysis",
volume = "54",
number = "9",
pages = "2113 - 2127",
year = "2010",
issn = "0167-9473",
doi = "https://doi.org/10.1016/j.csda.2010.03.018",
url = "http://www.sciencedirect.com/science/article/pii/S0167947310001209",
author = "Jinxin Gao and David B. Hitchcock"
}

@article{WekaCC,
title = "A Study on WEKA Tool for Data Preprocessing, Classification and Clustering",
journal = "International Journal of Innovative Technology and Exploring Engineering (IJITEE)",
volume = "2",
number = "6",
pages = "250-253",
year = "2013",
issn = "2278-3075",
doi = "",
url = "http://citeseerx.ist.psu.edu/viewdoc/download?doi=10.1.1.687.799&rep=rep1&type=pdf",
author = "Swasti Singhal, Monika Jena"
}


@article{WEKATalankiDensity,
author = {Talanki, Prajwala},
year = {2014},
month = {02},
pages = {2278-800},
title = {Comparative Analysis of EM Clustering Algorithm and Density Based Clustering Algorithm Using WEKA tool},
volume = {9},
journal = {International Journal of Engineering Research and Development}
}

@inproceedings{Kisilevich2010PDBSCANAD,
  title={P-DBSCAN: a density based clustering algorithm for exploration and analysis of attractive areas using collections of geo-tagged photos},
  author={Slava Kisilevich and Florian Mansmann and Daniel A. Keim},
  booktitle={COM.Geo},
  year={2010}
}

@inproceedings{Kodinariya2013ReviewOD,
  title={Review on determining number of Cluster in K-Means Clustering},
  author={Trupti M. Kodinariya and Prashant R. Makwana},
   booktitle={Review on determining number of Cluster in K-Means Clustering},
  year={2013}
}

@inproceedings{Okonkwo2011COMBATINGCA,
  title={COMBATING CRIME AND TERRORISM USING DATA MINING TECHNIQUES},
  author={Raphael Obi Okonkwo and Francis O. Enem},
  booktitle={COMBATING CRIME AND TERRORISM USING DATA MINING TECHNIQUES},
  year={2011}
}

@article{CRISPDM,
author = {Wirth, R and Hipp, Jochen},
year = {2000},
month = {01},
pages = {},
title = {CRISP-DM: Towards a standard process model for data mining},
journal = {Proceedings of the 4th International Conference on the Practical Applications of Knowledge Discovery and Data Mining}
}

@Inbook{Benesty2009,
author="Benesty, Jacob
and Chen, Jingdong
and Huang, Yiteng
and Cohen, Israel",
title="Pearson Correlation Coefficient",
bookTitle="Noise Reduction in Speech Processing",
year="2009",
publisher="Springer Berlin Heidelberg",
address="Berlin, Heidelberg",
pages="1--4",
isbn="978-3-642-00296-0",
doi="10.1007/978-3-642-00296-0_5",
url="https://doi.org/10.1007/978-3-642-00296-0_5"
}

@book{Rokach2014,
 author = {Rokach, Lior and Maimon, Oded},
 title = {Data Mining With Decision Trees: Theory and Applications},
 year = {2014},
 isbn = {9789814590075, 981459007X},
 edition = {2nd},
 publisher = {World Scientific Publishing Co., Inc.},
 address = {River Edge, NJ, USA},
}
@ARTICLE{ApplicationsReviews, 
author={L. Rokach and O. Maimon}, 
journal={IEEE Transactions on Systems, Man, and Cybernetics, Part C (Applications and Reviews)}, 
title={IEEE Transactions on Systems, Man, and Cybernetics—Part C: Applications and Reviews publication information}, 
year={2005}, 
volume={35}, 
number={4}, 
pages={c2-c2}, 
keywords={}, 
doi={10.1109/TSMCC.2005.859799}, 
ISSN={1094-6977}, 
month={Nov},}

@article{CrossValidatory,
 ISSN = {00359246},
 URL = {http://www.jstor.org/stable/2984809},
 author = {M. Stone},
 journal = {Journal of the Royal Statistical Society. Series B (Methodological)},
 number = {2},
 pages = {111--147},
 publisher = {[Royal Statistical Society, Wiley]},
 title = {Cross-Validatory Choice and Assessment of Statistical Predictions},
 volume = {36},
 year = {1974}
}

@MISC{WEBSITE:OraJava8,
	HOWPUBLISHED = "\url{https://www.oracle.com/technetwork/java/javase/overview/java8-2100321.html}",
	AUTHOR = "Oracle",
	TITLE = "Java 8 central",
	YEAR = "2018",
	NOTE = "Accessed on 2019-08-13"
}

@MISC{WEBSITE:SqlServer,
	HOWPUBLISHED = "\url{https://www.microsoft.com/pt-pt/sql-server}",
	AUTHOR = "Microsoft",
	TITLE = "SQL Server",
	YEAR = "2017",
	NOTE = "Accessed on 2019-08-14"
}

@MISC{WEBSITE:Postgresql,
	HOWPUBLISHED = "\url{https://www.postgresql.org/}",
	AUTHOR = "PostgreSQL",
	TITLE = "PostgreSQL",
	YEAR = "2019",
	NOTE = "Accessed on 2019-08-14"
}

@MISC{WEBSITE:Weka,
	HOWPUBLISHED = "\url{https://www.cs.waikato.ac.nz/ml/weka/}",
	AUTHOR = "Waikato University",
	TITLE = "Weka 3",
	YEAR = "2019",
	NOTE = "Accessed on 2019-08-14"
}

@Book{ Kriesel2007NeuralNetworks, 
       author = { David Kriesel }, 
       title =  { A Brief Introduction to Neural Networks },
       year =   { 2007 }, 
       publisher = {dkriesel.com},
       url =   { available at http://www.dkriesel.com } 
   }
   
   @inproceedings{SVMEvgeniou,
author = {Evgeniou, Theodoros and Pontil, Massimiliano},
booktitle = {Machine Learning and Its Applications: Advanced Lectures}, 
year = {2001},
month = {01},
pages = {249-257},
title = {Support Vector Machines: Theory and Applications},
volume = {2049},
doi = {10.1007/3-540-44673-7_12}
}

@article{DTAnalysis,
	author = {Bhumika Gupta and Aditya Rawat and Akshay Jain and Arpit Arora and Naresh Dhami},
	title = {Analysis of Various Decision Tree Algorithms for Classification in Data Mining},
	journal = {International Journal of Computer Applications},
	issue_date = {April 2017},
	volume = {163},
	number = {8},
	month = {Apr},
	year = {2017},
	issn = {0975-8887},
	pages = {15-19},
	numpages = {5},
	url = {http://www.ijcaonline.org/archives/volume163/number8/27414-2017913660},
	doi = {10.5120/ijca2017913660},
	publisher = {Foundation of Computer Science (FCS), NY, USA},
	address = {New York, USA}
}

@article{adamNN,
author = {Kingma, Diederik and Ba, Jimmy},
year = {2014},
month = {12},
pages = {},
title = {Adam: A Method for Stochastic Optimization},
journal = {International Conference on Learning Representations}
}

@Article{Dai2013,
author="Dai, Yu-Hong",
title="A perfect example for the BFGS method",
journal="Mathematical Programming",
year="2013",
month="Apr",
day="01",
volume="138",
number="1",
pages="501--530",
issn="1436-4646",
doi="10.1007/s10107-012-0522-2",
url="https://doi.org/10.1007/s10107-012-0522-2"
}

@article{SVMTraining,
  author    = {Yin Wen Chang, Cho Jui Hsieh, Michael Ringgaard},
  title     = {Training and Testing Lowdegree Polynomial Data Mappings via Linear SVM},
  journal   = {Journal of Machine Learning Research},
  volume    = {11},
  year      = {2010},
  url       = {http://www.jmlr.org/papers/volume11/chang10a/chang10a.pdf},
  pages = {1471−1490}
}

@article{CMPatil,
author = {Patil, T.R. and Sherekar, Swati},
year = {2013},
month = {01},
pages = {256-261},
title = {Performance Analysis of Naive Bayes and J48 Classification Algorithm for Data Classification},
volume = {6},
journal = {Int. J. Comput. Sci. Appl.}
}

@Article{Breiman2001,
author="Breiman, Leo",
title="Random Forests",
journal="Machine Learning",
year="2001",
month="Oct",
day="01",
volume="45",
number="1",
pages="5--32",
issn="1573-0565",
doi="10.1023/A:1010933404324",
url="https://doi.org/10.1023/A:1010933404324"
}

@INPROCEEDINGS{FAOFraud, 
author={Alan Reilly}, 
booktitle={FAO Fisheries and Aquaculture Circular No. 1165}, 
title={OVERVIEW OF FOOD FRAUD IN THE FISHERIES SECTOR }, 
year={2018}, 
volume={}, 
pages={}, 
biburl = {http://www.fao.org/3/i8791en/I8791EN.pdf},
ISSN={2070-6065}, 
month={December}
}

@MISC{WEBSITE:ECControl,
	HOWPUBLISHED = "\url{https://ec.europa.eu/fisheries/cfp/control/technologies_en}",
	AUTHOR = "European Commission",
	TITLE = "Control technologies",
	YEAR = "2014",
	NOTE = "Accessed on 2020-02-01"
}

@MISC{WEBSITE:CRISPDM,
	HOWPUBLISHED = "\url{https://medium.com/@mgonzaleze/crisp-dm-na-pr\%C3\%A1tica-65be0ee92ada}",
	AUTHOR = "Matheus Gonzalez",
	TITLE = "CRISP-DM na prática",
	YEAR = "2019",
	NOTE = "Accessed on 2020-03-05"
}
